@conference{BCM1
  author       = {Denard, J.-C. and Sahar, J.-C.},  
  title        = {HIGH ACCURACY BEAM CURRENT MONITOR SYSTEM FOR CEBAFâ€™S
  EXPERIMENTAL HALL A},
  year         = 2001,
  address      = Chicago,
  organization = Particle Accelerator Conference,
}

@article{HighE,
author = { R Hofstadter },
title = {Nuclear and Nucleon Scattering of High-Energy Electrons},
journal = {Annual Review of Nuclear Science},
volume = {7},
number = {1},
pages = {231-316},
year = {1957},
doi = {10.1146/annurev.ns.07.120157.001311},
URL = {http://dx.doi.org/10.1146/annurev.ns.07.120157.001311},
eprint = {http://dx.doi.org/10.1146/annurev.ns.07.120157.001311}}


@article{Ellis:2016jkw,
      author         = "Ellis, Joshua",
      title          = "{TikZ-Feynman: Feynman diagrams with TikZ}",
      year           = "2016",
      eprint         = "1601.05437",
      archivePrefix  = "arXiv",
      primaryClass   = "hep-ph",
      SLACcitation   = "%%CITATION = ARXIV:1601.05437;%%"
}

@phdthesis{Flay,
place={United States}, 
title={Measurements of the Neutron Longitudinal Spin Asymmetry A1n and Flavor Decomposition in the Valence Quark Region}, 
DOI={10.2172/1182583},
School = {Temple University, Philadelphia, PA},
author={Flay, David J.}, 
year={2014},
month={Aug}}

@article{Hof,
  title = {Elastic Scattering of 188-Mev Electrons from the Proton and the Alpha Particle},
  author = {McAllister, R. W. and Hofstadter, R.},
  journal = {Phys. Rev.},
  volume = {102},
  issue = {3},
  pages = {851--856},
  numpages = {0},
  year = {1956},
  month = {May},
  publisher = {American Physical Society},
  doi = {10.1103/PhysRev.102.851},
  url = {http://link.aps.org/doi/10.1103/PhysRev.102.851}
}


@book{PnN,
  Author = {Bogdan Povh and Klaus Rith and Christoph Scholz and Frank Zetsche},
  Title = {Particles and Nuclei: An Introduction to the Physical Concepts},
  Publisher = {Springer},
  Year = {2009},
  ISBN = {3540793674},
}

@misc{EPMet,
author = {Hall A Tech},
title = {EP Method},
howpublished = {\url{http://hallaweb.jlab.org/equipment/beam/energy/ep_web.html}},
month = {},
year = {},
note = {(Accessed on 06/28/2016)}
}




@thesis{Thes_Korover,
author = {Igor Korover},
title = {Study of short-range correlation in nuclei via measurment of the 4He(ee`pp) and 4He(e,e`pn) reaction.},
type = {Thesis},
institution = {Tel Aviv University},
date = {April 2015},
}

@article{BPM,
   author = "Powers, Tom and Doolittle, Lawrence and Ursic, Rok and Wagner, Jeffrey",
   title = "Design, commissioning and operational results of wide dynamic range BPM switched electrode electronics",
   journal = "AIP Conference Proceedings",
   year = "1997",
   volume = "390",
   number = "1", 
   pages = "257-265",
   url = "http://scitation.aip.org/content/aip/proceeding/aipcp/10.1063/1.52284",
   doi = "http://dx.doi.org/10.1063/1.52284" 
}

@article{BPM2,
      author         = "Zhu, Pengjia and others",
      title          = "{Beam Position Reconstruction for the g2p Experiment in
                        Hall A at Jefferson Lab}",
      journal        = "Nucl. Instrum. Meth.",
      volume         = "A808",
      year           = "2016",
      pages          = "1-10",
      doi            = "10.1016/j.nima.2015.10.086",
      eprint         = "1509.03510",
      archivePrefix  = "arXiv",
      primaryClass   = "physics.ins-det",
      reportNumber   = "JLAB-PHY-15-2148",
      SLACcitation   = "%%CITATION = ARXIV:1509.03510;%%"
}

@Proceedings{News,
Author = {Patricia Solvignon},
title = {News on the Nuclear EMC effect},
year = {2008},
OPTorganization = {Gordon Research Conferences},
}

@article{EM,
      author         = "Aubert, J. J. and others",
      title          = "{Measurement of the proton structure function $F_2$ in
                        muon - hydrogen interactions at 120-GeV and 280-GeV}",
      collaboration  = "European Muon",
      journal        = "Phys. Lett.",
      volume         = "B105",
      year           = "1981",
      pages          = "315",
      doi            = "10.1016/0370-2693(81)90896-0",
      reportNumber   = "CERN-EP/81-84",
      SLACcitation   = "%%CITATION = PHLTA,B105,315;%%"
}

@article{PDG,
  title = {Review of Particle Physics*},
  author = {Beringer, J. et al},
  collaboration = {Particle Data Group},
  journal = {Phys. Rev. D},
  volume = {86},
  issue = {1},
  pages = {010001},
  numpages = {1528},
  year = {2012},
  month = {Jul},
  publisher = {American Physical Society},
  doi = {10.1103/PhysRevD.86.010001},
  url = {http://link.aps.org/doi/10.1103/PhysRevD.86.010001}
}

@TechReport{Marathon,
author = {JLab MARATHON Collaboration},
title = {MeAsurment of the $F^{n}_{2}/F^{p}_{2}$, d/u RAtios and A -3 EMC Effect in Deep Inelatic Electron Scattering Off the Tritium and Helium MirrOr Nuclei.},
institution = {Jefferson Lab},
year = {2010},
}

@article{DISearly,
  title = {Deep inelastic scattering: The early years},
  author = {Taylor, Richard E.},
  journal = {Rev. Mod. Phys.},
  volume = {63},
  issue = {3},
  pages = {573--595},
  numpages = {0},
  year = {1991},
  month = {Jul},
  publisher = {American Physical Society},
  doi = {10.1103/RevModPhys.63.573},
  url = {http://link.aps.org/doi/10.1103/RevModPhys.63.573}
}

@article{DISproton,
  title = {Deep inelastic scattering: Experiments on the proton and the observation of scaling},
  author = {Kendall, Henry W.},
  journal = {Rev. Mod. Phys.},
  volume = {63},
  issue = {3},
  pages = {597--614},
  numpages = {0},
  year = {1991},
  month = {Jul},
  publisher = {American Physical Society},
  doi = {10.1103/RevModPhys.63.597},
  url = {http://link.aps.org/doi/10.1103/RevModPhys.63.597}
}

@phdthesis{Aj,
      author         = "Daniel, Aji",
      title          = "{Precise measurement of the nuclear dependence of the EMC
                        effect at large $x$}",
      school         = "Houston U.",
      url            = "http://proquest.umi.com/pqdweb?sid=1&Fmt=2&clientId=79356&RQT=309&VName=PQD&did=1453192441",
      year           = "2007",
      reportNumber   = "AAT-3294921, PROQUEST-1453192441",
      SLACcitation   = "%%CITATION = AAT-3294921;%%"
}

@phdthesis{sane,
      author         = "Mulholland, Jonathan",
      title          = "{SANE's Measurement of the Proton's Virtual Photon Spin
                        Asymmetry, $A^p_1$, at Large Bjorken x}",
      school         = "Virginia U.",
      year           = "2012",
      url            = "http://twist.phys.virginia.edu/Theses/MulhollandJonathanRL.pdf",
      reportNumber   = "JLAB-PHY-12-1563",
      SLACcitation   = "%%CITATION = JLAB-PHY-12-1563;%%"
}

@Book{quarks,
 author = {Halzen, F},
 title = {Quarks and leptons : an introductory course in modern particle physics},
 publisher = {Wiley},
 year = {1984},
 address = {New York},
 isbn = {9780471887416}
 }
 
 @misc{CC,
 author = {Higinbotham, D.},
 title = {The EMC effect still puzzles after 30 years - CERN Courier},
 howpublished = {\url{http://cerncourier.com/cws/article/cern/53091}},
 month = {April},
 year = {2013},
 note = {(Visited on 01/04/2016)}
 }
 
 @article{challenge,
       author         = "Malace, Simona and Gaskell, David and Higinbotham,
                         Douglas W. and Cloet, Ian",
       title          = "{The Challenge of the EMC Effect: existing data and
                         future directions}",
       journal        = "Int. J. Mod. Phys.",
       volume         = "E23",
       year           = {2014},
       pages          = "1430013",
       doi            = "10.1142/S0218301314300136",
       eprint         = "1405.1270",
       archivePrefix  = "arXiv",
       primaryClass   = "nucl-ex",
       reportNumber   = "JLAB-PHY-14-1886",
       SLACcitation   = "%%CITATION = ARXIV:1405.1270;%%"
 }

 @article{ajppt,
       author         = "Daniel, A. and Arrington, J. and Gaskell, D.",
       title          = "{Measurements of the EMC effect in few-body nuclei at
                         large x}",
       booktitle      = "{Nucleon structure at large Bjorken x. Proceedings, 3rd
                         International Workshop, HiX 2010, Newport News, USA,
                         October 13-15, 2010}",
       journal        = "AIP Conf. Proc.",
       volume         = "1369",
       year           = "2011",
       pages          = "98-105",
       doi            = "10.1063/1.3631524",
       eprint         = "1101.2651",
       archivePrefix  = "arXiv",
       primaryClass   = "nucl-ex",
       reportNumber   = "JLAB-PHY-11-1314",
       SLACcitation   = "%%CITATION = ARXIV:1101.2651;%%"
 }
 @article{arri,
       author         = "Arrington, John and Daniel, Aji and Day, Donal and Fomin,
                         Nadia and Gaskell, Dave and Solvignon, Patricia",
       title          = "{A detailed study of the nuclear dependence of the EMC
                         effect and short-range correlations}",
       journal        = "Phys. Rev.",
       volume         = "C86",
       year           = "2012",
       pages          = "065204",
       doi            = "10.1103/PhysRevC.86.065204",
       eprint         = "1206.6343",
       archivePrefix  = "arXiv",
       primaryClass   = "nucl-ex",
       reportNumber   = "JLAB-PHY-12-1587",
       SLACcitation   = "%%CITATION = ARXIV:1206.6343;%%"}

 @article{DF,
 author = {Geesaman, D.F.   and  Saito, K  and Thomas, A },
 title = {The Nuclear EMC Effect},
 journal = {Annual Review of Nuclear and Particle Science},
 volume = {45},
 number = {1},
 pages = {337-390},
 year = {1995}
 }
@article{piler,
      author         = "Edelmann, J. and Piller, G. and Kaiser, Norbert and Weise, W.",                        
      title          = "Resonances and higher twist in polarized lepton nucleon scattering",
      journal        = "Nucl. Phys.",
      volume         = "A665",
      year           = "2000",
      pages          = "125-136",
      doi            = "10.1016/S0375-9474(99)00685-5",
      eprint         = "hep-ph/9909524",
      archivePrefix  = "arXiv",
      primaryClass   = "hep-ph",
      reportNumber   = "TUM-T39-99-19",
      SLACcitation   = "%%CITATION = HEP-PH/9909524;%%"
}
 
 @article{gomez,
       author         = "Gomez, J. and others",
       title          = "{Measurement of the A-dependence of deep inelastic
                         electron scattering}",
       journal        = "Phys. Rev.",
       volume         = "D49",
       year           = "1994",
       pages          = "4348-4372",
       doi            = "10.1103/PhysRevD.49.4348",
       reportNumber   = "SLAC-PUB-5813",
       SLACcitation   = "%%CITATION = PHRVA,D49,4348;%%"
 }
@article{HallA,
      author         = "Alcorn, J. and others",
      title          = "{Basic Instrumentation for Hall A at Jefferson Lab}",
      journal        = "Nucl. Instrum. Meth.",
      volume         = "A522",
      year           = "2004",
      pages          = "294-346",
      doi            = "10.1016/j.nima.2003.11.415",
      reportNumber   = "JLAB-PHY-03-129",
      SLACcitation   = "%%CITATION = NUIMA,A522,294;%%"
}

@Unpublished{GasC,
author = {Averett, T. and Zhao, B. and Wojtekhowski, B},
title = {BigBite Heavy Gas Cherenkov Detector at 6.6 and 8.8 GeV},
OPTyear = {2011},

}
@Book{detection,
 author = {Blum, W},
 title = {Particle detection with drift chambers},
 publisher = {Springer-Verlag},
 year = {1993},
 address = {Berlin New York},
 isbn = {9783540564256}
 }

@misc{big,
author={Qian,Xin},
year={2010},
title={Measurement of single spin asymmetry in n(e, e' pi) on transversely polarized helium-3 target},
journal={ProQuest Dissertations and Theses},
pages={410},
note={Copyright - Copyright ProQuest, UMI Dissertations Publishing 2010; Last updated - 2015-08-23; First page - n/a},
keywords={Pure sciences; Spin asymmetry; Helium-3; Transverse polarization; Parton distribution functions; Nuclear physics; 0610:Nuclear physics},
isbn={9781124096216},
language={English},
url={http://search.proquest.com.proxy.lib.utk.edu:90/docview/741149810?accountid=14766},
}
@article{form2,
  title = {Measurements of the Electric Form Factor of the Neutron up to ${Q}^{2}=3.4\text{ }\text{ }{\mathrm{GeV}}^{2}$ Using the Reaction ${}^{3}\stackrel{\ensuremath{\rightarrow}}{\mathrm{He}}(\stackrel{\ensuremath{\rightarrow}}{e},{e}^{\ensuremath{'}}n)pp$},
  author = {Riordan, S.  and others},
  journal = {Phys. Rev. Lett.},
  volume = {105},
  issue = {26},
  pages = {262302},
  numpages = {5},
  year = {2010},
  month = {Dec},
  publisher = {American Physical Society},
  doi = {10.1103/PhysRevLett.105.262302},
  url = {http://link.aps.org/doi/10.1103/PhysRevLett.105.262302}
}
@thesis{form,
author = {Riordan, S.},
title = {Measurements of the Electric Form Factor of the Neutron at $ Q^{2} = 1.7$ and 3.5 GeV $^{2}$},
type = {Ph.D. thesis},
institution = {Carnegie Mellon University},
date = {2008},
}
@article{Achievements,
  author={Y C Chao and M Drury and C Hovater and A Hutton and G A Krafft and M Poelker and C Reece and M Tiefenback},
  title={CEBAF Accelerator Achievements},
  journal={Journal of Physics: Conference Series},
  volume={299},
  number={1},
  pages={012015},
  url={http://stacks.iop.org/1742-6596/299/i=1/a=012015},
  year={2011},
 
}
@ARTICLE{BB,
   author = {{de Lange}, D.~J.~J. and {Blok}, H.~P. and {Boersma}, D.~J. and 
	{Botto}, T. and {Heimberg}, P. and {Higinbotham}, D.~W. and 
	{Passchier}, I. and {van Sambeek}, M.~J.~M. and {Six}, E. and 
	{Steenbakkers}, M.~F.~M. and {Steijger}, J.~J.~M. and {de Vries}, H.
	},
    title = "{The optical properties of the BigBite spectrometer at NIKHEF}",
  journal = {Nuclear Instruments and Methods in Physics Research A},
     year = 1998,
   volume = 412,
    pages = {254-264},
      doi = {10.1016/S0168-9002(98)00476-8},
   adsurl = {http://adsabs.harvard.edu/abs/1998NIMPA.412..254D},
  adsnote = {Provided by the SAO/NASA Astrophysics Data System}
}

@article{cebaf,
author = { Leemann, Christoph W.   and   Douglas, David R.  and    Krafft,  Geoffrey A.},
title = {THE CONTINUOUS ELECTRON BEAM ACCELERATOR FACILITY: CEBAF at the Jefferson Laboratory},
journal = {Annual Review of Nuclear and Particle Science},
volume = {51},
number = {1},
pages = {413-450},
year = {2001},
doi = {10.1146/annurev.nucl.51.101701.132327},
}

@article{linac,
author = { Merminga, Lia   and   Douglas, David R.  and   Krafft,Geoffrey A.},
title = {HIGH-CURRENT ENERGY-RECOVERING ELECTRON LINACS},
journal = {Annual Review of Nuclear and Particle Science},
volume = {53},
number = {1},
pages = {387-429},
year = {2003},
doi = {10.1146/annurev.nucl.53.041002.110456},

URL = { 
        http://dx.doi.org/10.1146/annurev.nucl.53.041002.110456
    
},
eprint = { 
        http://dx.doi.org/10.1146/annurev.nucl.53.041002.110456
    
}

}

@article{drift,
title = "Vertical drift chambers for the Hall A high-resolution spectrometers at Jefferson Lab ",
journal = "Nuclear Instruments and Methods in Physics Research Section A: Accelerators, Spectrometers, Detectors and Associated Equipment ",
volume = "474",
number = "2",
pages = "108 - 131",
year = "2001",
note = "",
issn = "0168-9002",
doi = "http://dx.doi.org/10.1016/S0168-9002(01)00875-0",
url = "http://www.sciencedirect.com/science/article/pii/S0168900201008750",
author = " Fissum, K.G. and others",
}


@TechReport{note,
author = {Sawatzky, B., Armstrong, W., et. al.},
title = {Hall A Technical Note for the BigBite \u{C}erenkov Detector.},
institution = {Jlab},
year = {2011},

}

@reference{feyn,
editor = {Carroll, S.},
title = {Lecture Notes on General Relativity.},
date = {Dec. 1997},
note = {Visited on 03 Dec. 2014}
}

@article{Norton,
  author={P R Norton},
  title={The EMC effect},
  journal={Reports on Progress in Physics},
  volume={66},
  number={8},
  pages={1253},
  url={http://stacks.iop.org/0034-4885/66/i=8/a=201},
  year={2003},
}
@article{seeley,
  title = {New Measurements of the European Muon Collaboration Effect in Very Light Nuclei},
  author = {Seely, J. and others},
  journal = {Phys. Rev. Lett.},
  volume = {103},
  issue = {20},
  pages = {202301},
  numpages = {5},
  year = {2009},
  month = {Nov},
  publisher = {American Physical Society},
  doi = {10.1103/PhysRevLett.103.202301},
  url = {http://link.aps.org/doi/10.1103/PhysRevLett.103.202301}
}	

@unpublished{SA,
author = {Sheren Alsalmi},
title = {Big Bite drawling},
date = {Dec 2015},

}



\end{thebibliography}
