@article{Fissum2001108,
title = "Vertical drift chambers for the Hall A high-resolution spectrometers at Jefferson Lab ",
journal = "Nuclear Instruments and Methods in Physics Research Section A: Accelerators, Spectrometers, Detectors and Associated Equipment ",
volume = "474",
number = "2",
pages = "108 - 131",
year = "2001",
note = "",
issn = "0168-9002",
doi = "http://dx.doi.org/10.1016/S0168-9002(01)00875-0",
url = "http://www.sciencedirect.com/science/article/pii/S0168900201008750",
author = "K.G Fissum and W Bertozzi and J.P Chen and D Dale and H.C Fenker and J Gao and A Gavalya and S Gilad and C.R Leathers and N Liyanage and R.O Michaels and E.A.J.M Offermann and J Segal and J.A Templon and R Wechsler and B Wojtsekhowski and J Zhao",
keywords = "Vertical drift chambers",
keywords = "Charged-particle tracking system "
}

